
    <record>
        <leader>00000nz  a2200169   4500</leader>
        <controlfield tag="001">30003864</controlfield>
        <controlfield tag="003">RISM</controlfield>
        <controlfield tag="005">20160216</controlfield>
        <controlfield tag="008">160216n||az|||||||##########||||||||||||</controlfield>
        <datafield tag="040" ind1=" " ind2=" ">
            <subfield code="a">USB-Ttc</subfield>
        </datafield>
        <datafield tag="043" ind1=" " ind2=" ">
            <subfield code="c">XB-UZ</subfield>
        </datafield>
        <datafield tag="110" ind1="2" ind2=" ">
            <subfield code="a">Biblioteka mečeti Tal¯a Cheikh</subfield>
            <subfield code="c">Tachkent</subfield>
            <subfield code="g">USB-Ttc</subfield>
        </datafield>
    </record>
</collection>


